@string{cgf = {{CGF}}}
@string{cvpr = {{IEEE CVPR}}}
@string{eccv = {{ECCV}}}
@string{eg = {{CGF Eurographics}}}
@string{iccv = {{IEEE ICCV}}}
@string{ijcv = {{IJCV}}}
@string{pami = {{IEEE PAMI}}}
@string{tvcg = {{IEEE TVCG}}}
@string{sgp = {{SGP}}}
@string{sigg = {{ACM SIGGRAPH}}}
@string{sigga = {{ACM SIGGRAPH Asia}}}
@string{siggo = {{ACM SIGGRAPH}}}
@string{smi = {{Proc. SMI}}}
@string{tog = {{ACM TOG}}}
@string{nips = {{NIPS}}}
@string{chi = {{ACM CHI}}}
@string{uist = {{Proc. UIST}}}
@string{cag = {{Computers \& Graphics}}}
@string{tpami = {{IEEE TPAMI}}}


@article{duygu:16:cgf,
author = {Ceylan, Duygu and Dang, Minh and J. Mitra, Niloy and Neubert, Boris and Pauly, Mark},
year = {2016},
month = {01}, 
title = {Discovering Structured Variations Via Template Matching},
journal = cgf
}


@article{cmzp_symmCalib_tog13,
AUTHOR = "Duygu Ceylan and Niloy J. Mitra and Youyi Zheng and Mark Pauly",
TITLE = "Coupled Structure-from-Motion and 3D Symmetry Detection for Urban Facades",
JOURNAL = tog, 
YEAR = "2013", 
numpages = {15},
}

@article{muller2006procedural,
  title={Procedural modeling of buildings},
  author={M{\"u}ller, Pascal and Wonka, Peter and Haegler, Simon and Ulmer, Andreas and Van Gool, Luc},
  journal= sigg, 
  volume={25},
  number={3},
  pages={614--623},
  year={2006},
  organization={ACM}
}

@book{optBook08,
    author    = "Chinneck, John W.",
    title     = "Feasibility and Infeasibility in Optimization:
Algorithms and Computational Methods",
    year      = "2008",
    publisher = "Springer"
}

@article{kelly2011interactive,
  title={Interactive architectural modeling with procedural extrusions},
  author={Kelly, Tom and Wonka, Peter},
  journal= tog, 
  volume={30},
  number={2},
  pages={14},
  year={2011},
  publisher={ACM}
}

 @misc{gurobi,
   author = "Gurobi",
   title = "Gurobi Optimizer Reference Manual",
   year = 2016,
   url = "http://www.gurobi.com"
 }
 
 @article{musialski2013survey,
  title={A survey of urban reconstruction},
  author={Musialski, Przemyslaw and Wonka, Peter and Aliaga, Daniel G and Wimmer, Michael and Gool, L v and Purgathofer, Werner},
  journal=cgf,
  volume={32},
  number={6},
  pages={146--177},
  year={2013},
  organization={Wiley Online Library}
}

@article{garcia2013automatic,
  title={Automatic urban modeling using volumetric reconstruction with surface graph cuts},
  author={Garcia-Dorado, Ignacio and Demir, Ilke and Aliaga, Daniel G},
  journal=cag,
  volume={37},
  number={7},
  pages={896--910},
  year={2013},
  publisher={Elsevier}
}

@article{golovinskiy2009shape,
  title={Shape-based recognition of 3D point clouds in urban environments},
  author={Golovinskiy, Aleksey and Kim, Vladimir G and Funkhouser, Thomas},
  journal=iccv,
  pages={2154--2161},
  year={2009},
  organization={IEEE}
}

@article{lin2013semantic,
  title={Semantic decomposition and reconstruction of residential scenes from LiDAR data},
  author={Lin, Hui and Gao, Jizhou and Zhou, Yu and Lu, Guiliang and Ye, Mao and Zhang, Chenxi and Liu, Ligang and Yang, Ruigang},
  journal=sigg,
  volume={32},
  number={4},
  pages={66},
  year={2013},
  publisher={ACM}
}

@article{lafarge2010structural,
  title={Structural approach for building reconstruction from a single DSM},
  author={Lafarge, Florent and Descombes, Xavier and Zerubia, Josiane and Pierrot-Deseilligny, Marc},
  journal=tpami,
  volume={32},
  number={1},
  pages={135--147},
  year={2010},
  publisher={IEEE}
}

@article{li2016manhattan,
  title={Manhattan-world urban reconstruction from point clouds},
  author={Li, Minglei and Wonka, Peter and Nan, Liangliang},
  journal=eccv,
  pages={54--69},
  year={2016},
  organization={Springer}
}

@article{zhou20102,
  title={2.5D dual contouring: a robust approach to creating building models from aerial lidar point clouds},
  author={Zhou, Qian-Yi and Neumann, Ulrich},
  journal=eccv,
  pages={115--128},
  year={2010},
  publisher={Springer}
}

@techreport{verdie2015lod,
 author = {Verdie, Yannick and Lafarge, Florent and Alliez, Pierre},
 title = {LOD generation for urban scenes},
 journal =tog,
 issue_date = {April 2015},
 volume = {34},
 number = {3},
 month = may,
 year = {2015},
 issn = {0730-0301},
 pages = {30:1--30:14},
 articleno = {30},
 numpages = {14},
 url = {http://doi.acm.org/10.1145/2732527},
 doi = {10.1145/2732527},
 acmid = {2732527},
 publisher = {ACM},
} 

@article{vanegas2010building,
  title={Building reconstruction using manhattan-world grammars},
  author={Vanegas, Carlos A and Aliaga, Daniel G and Bene{\v{s}}, Bed{\v{r}}ich},
  journal=cvpr,
  pages={358--365},
  year={2010},
  organization={IEEE}
}

@article{snavely2006photo,
  title={Photo tourism: exploring photo collections in 3D},
  author={Snavely, Noah and Seitz, Steven M and Szeliski, Richard},
  journal=sigg,
  volume={25},
  number={3},
  pages={835--846},
  year={2006},
  organization={ACM}
}

@article{poullis2009automatic,
  title={Automatic reconstruction of cities from remote sensor data},
  author={Poullis, Charalambos and You, Suya},
  journal=cvpr,
  pages={2775--2782},
  year={2009},
  organization={IEEE}
}

@article{nan2015template,
  title={Template assembly for detailed urban reconstruction},
  author={Nan, Liangliang and Jiang, Caigui and Ghanem, Bernard and Wonka, Peter},
  journal=eg,
  volume={34},
  number={2},
  pages={217--228},
  year={2015},
  organization={Wiley Online Library}
}

@article{matei2008building,
  title={Building segmentation for densely built urban regions using aerial lidar data},
  author={Matei, Bogdan C and Sawhney, Harpreet S and Samarasekera, Supun and Kim, Janet and Kumar, Rakesh},
  journal=cvpr,
  pages={1--8},
  year={2008},
  organization={IEEE}
}

@article{xiao2009image,
  title={Image-based street-side city modeling},
  author={Xiao, Jianxiong and Fang, Tian and Zhao, Peng and Lhuillier, Maxime and Quan, Long},
  journal=sigga,
  volume={28},
  number={5},
  pages={114},
  year={2009},
  publisher={ACM}
}

@article{yang2012parsing,
  title={Parsing fa{\c{c}}ade with rank-one approximation},
  author={Yang, Chao and Han, Tian and Quan, Long and Tai, Chiew-Lan},
  journal=cvpr,
  pages={1720--1727},
  year={2012},
  organization={IEEE}
}

@article{dai2012learning,
  title={Learning domain knowledge for facade labelling},
  author={Dai, Dengxin and Prasad, Mukta and Schmitt, Gerhard and Van Gool, Luc},
  journal=eccv,
  pages={710--723},
  year={2012},
  publisher={Springer}
}

@article{kozinski2015mrf,
  title={A MRF shape prior for facade parsing with occlusions},
  author={Kozinski, Mateusz and Gadde, Raghudeep and Zagoruyko, Sergey and Obozinski, Guillaume and Marlet, Renaud},
  journal=cvpr,
  pages={2820--2828},
  year={2015}
}

@article{martinovic2012three,
  title={A three-layered approach to facade parsing},
  author={Martinovi{\'c}, An{\dj}elo and Mathias, Markus and Weissenberg, Julien and Van Gool, Luc},
  journal=eccv,
  pages={416--429},
  year={2012},
  publisher={Springer}
}

@article{teboul2013parsing,
  title={Parsing facades with shape grammars and reinforcement learning},
  author={Teboul, Olivier and Kokkinos, Iasonas and Simon, Loic and Koutsourakis, Panagiotis and Paragios, Nikos},
  journal=tpami,
  volume={35},
  number={7},
  pages={1744--1756},
  year={2013},
  publisher={IEEE}
}

@article{muller2007image,
  title={Image-based procedural modeling of facades},
  author={M{\"u}ller, Pascal and Zeng, Gang and Wonka, Peter and Van Gool, Luc},
  journal=sigg,
  volume={26},
  number={3},
  pages={85},
  year={2007},
  publisher={ACM}
}

@article{riemenschneider2012irregular,
  title={Irregular lattices for complex shape grammar facade parsing},
  author={Riemenschneider, Hayko and Krispel, Ulrich and Thaller, Wolfgang and Donoser, Michael and Havemann, Sven and Fellner, Dieter and Bischof, Horst},
  journal=cvpr,
  pages={1640--1647},
  year={2012},
  organization={IEEE}
}

@article{weissenberg2013there,
  title={Is there a procedural logic to architecture?},
  author={Weissenberg, Julien and Riemenschneider, Hayko and Prasad, Mukta and Van Gool, Luc},
  journal=cvpr,
  pages={185--192},
  year={2013}
}

@article{nan2010smartboxes,
  title={Smartboxes for interactive urban reconstruction},
  author={Nan, Liangliang and Sharf, Andrei and Zhang, Hao and Cohen-Or, Daniel and Chen, Baoquan},
  journal=sigg,
  volume={29},
  number={4},
  pages={93},
  year={2010},
  organization={ACM}
}

@article{xiao2008image,
  title={Image-based fa{\c{c}}ade modeling},
  author={Xiao, Jianxiong and Fang, Tian and Tan, Ping and Zhao, Peng and Ofek, Eyal and Quan, Long},
  journal=sigga,
  volume={27},
  number={5},
  pages={161},
  year={2008},
  organization={ACM}
}

@article{furukawa2010accurate,
  title={Accurate, dense, and robust multiview stereopsis},
  author={Furukawa, Yasutaka and Ponce, Jean},
  journal=pami,
  volume={32},
  number={8},
  pages={1362--1376},
  year={2010},
  publisher={IEEE}
}

@article{li2011globfit,
  title={Globfit: Consistently fitting primitives by discovering global relations},
  author={Li, Yangyan and Wu, Xiaokun and Chrysathou, Yiorgos and Sharf, Andrei and Cohen-Or, Daniel and Mitra, Niloy J},
  journal=sigg,
  volume={30},
  number={4},
  pages={52},
  year={2011},
  organization={ACM}
}

@article{fang2013image,
  title={Image-based modeling of unwrappable facades},
  author={Fang, Tian and Wang, Zhexi and Zhang, Honghui and Quan, Long},
  journal=tvcg,
  volume={19},
  number={10},
  pages={1720--1731},
  year={2013},
  publisher={IEEE}
}

@article{nishida2016interactive,
  title={Interactive sketching of urban procedural models},
  author={Nishida, Gen and Garcia-Dorado, Ignacio and Aliaga, Daniel G and Benes, Bedrich and Bousseau, Adrien},
  journal=sigg,
  volume={35},
  number={4},
  pages={130},
  year={2016},
  publisher={ACM}
}

@article{kazhdan2013screened,
  title={Screened poisson surface reconstruction},
  author={Kazhdan, Michael and Hoppe, Hugues},
  journal=tog,
  volume={32},
  number={3},
  pages={29},
  year={2013},
  publisher={ACM}
}

@article{jiang2016automatic,
  title={Automatic constraint detection for 2D layout regularization},
  author={Jiang, Haiyong and Nan, Liangliang and Yan, Dong-Ming and Dong, Weiming and Zhang, Xiaopeng and Wonka, Peter},
  journal=tvcg,
  volume={22},
  number={8},
  pages={1933--1944},
  year={2016},
  publisher={IEEE}
}

@article{shen2011adaptive,
  title={Adaptive partitioning of urban facades},
  author={Shen, Chao-Hui and Huang, Shi-Sheng and Fu, Hongbo and Hu, Shi-Min},
  journal=sigga,
  volume={30},
  number={6},
  pages={184},
  year={2011},
  publisher={ACM}
}

@article{debevec1996modeling,
  title={Modeling and rendering architecture from photographs: A hybrid geometry-and image-based approach},
  author={Debevec, Paul E and Taylor, Camillo J and Malik, Jitendra},
  journal=sigg,
  pages={11--20},
  year={1996},
  organization={ACM}
}

@article{eppstein1999raising,
  title={Raising roofs, crashing cycles, and playing pool: Applications of a data structure for finding pairwise interactions},
  author={Eppstein, David and Erickson, Jeff},
  journal={Discrete \& Computational Geometry},
  volume={22},
  number={4},
  pages={569--592},
  year={1999},
  publisher={Springer}
}

@online{osm,
  author = {Miller, Peter and others},
  title  = "Buildings - {OpenStreetMap} Wiki",
  url    = "http://wiki.openstreetmap.org/wiki/Buildings",
  lastaccessed         = "August 8, 2017",
  year   = {2017}
}

@article{kendall2015bayesian,
  title={Bayesian SegNet: Model Uncertainty in Deep Convolutional Encoder-Decoder Architectures for Scene Understanding},
  author={Kendall, Alex and Badrinarayanan, Vijay and and Cipolla, Roberto},
  journal={arXiv preprint arXiv:1511.02680},
  year={2015}
}

@article{badrinarayanan2017segnet,
  title={SegNet: A Deep Convolutional Encoder-Decoder Architecture for Image Segmentation},
  author={Badrinarayanan, Vijay and Kendall, Alex, and Cipolla, Roberto},
  journal=tpami,
  year={2017},
  publisher={IEEE}
}
 
@inproceedings{Cordts2016Cityscapes,
title={The Cityscapes Dataset for Semantic Urban Scene Understanding},
author={Cordts, Marius and Omran, Mohamed and Ramos, Sebastian and Rehfeld, Timo and Enzweiler, Markus and Benenson, Rodrigo and Franke, Uwe and Roth, Stefan and Schiele, Bernt},
booktitle=cvpr,
year={2016}
}


@article{ BrostowSFC:ECCV08,
  author    = {Gabriel J. Brostow and Jamie Shotton and Julien Fauqueur and Roberto Cipolla},
  title     = {Segmentation and Recognition Using Structure from Motion Point Clouds},
  journal = eccv,
  year      = {2008},
  pages     = {44-57}
}

@article{affara2016large,
  title={Large Scale Asset Extraction for Urban Images},
  author={Affara, Lama and Nan, Liangliang and Ghanem, Bernard and Wonka, Peter},
  journal=eccv,
  pages={437--452},
  year={2016},
  organization={Springer}
}
 
@techreport{tylecek2012cmp,
  title={The {CMP} facade database},
  author={Tylecek, Radim},
  year={2012},
  institution={Tech. rep., CTU--CMP--2012--24, Czech Technical University}
}


@article{anguelov2010google,
  title={Google street view: Capturing the world at street level},
  author={Anguelov, Dragomir and Dulong, Carole and Filip, Daniel and Frueh, Christian and Lafon, St{\'e}phane and Lyon, Richard and Ogale, Abhijit and Vincent, Luc and Weaver, Josh},
  journal={Computer},
  volume={43},
  number={6},
  pages={32--38},
  year={2010},
  publisher={IEEE}
}



@article{Eigen2015-aj,
  title     = "Predicting depth, surface normals and semantic labels with a
               common multi-scale convolutional architecture",
  journal = iccv,
  author    = "Eigen, David and Fergus, Rob",
  pages     = "2650--2658",
  year      =  2015
}

@article{salinas2015structure,
  title={Structure-Aware Mesh Decimation},
  author={Salinas, David and Lafarge, Florent and Alliez, Pierre},
  journal=cgf,
  volume={34},
  number={6},
  pages={211--227},
  year={2015},
  organization={Wiley Online Library}
}

@article{Kazhdan2006,
 author = {Kazhdan, Michael and Bolitho, Matthew and Hoppe, Hugues},
 title = {Poisson Surface Reconstruction},
 journal = sgp,
 series = {SGP '06},
 year = {2006},
 isbn = {3-905673-36-3},
 location = {Cagliari, Sardinia, Italy},
 pages = {61--70},
 numpages = {10},
 publisher = {Eurographics Association},
} 

@ARTICLE{mean-shift, 
author={K. Fukunaga and L. Hostetler}, 
journal={IEEE TIT}, 
title={The estimation of the gradient of a density function, with applications in pattern recognition}, 
year={1975}, 
volume={21}, 
number={1}, 
pages={32-40}, 
keywords={Nonparametric estimation;Pattern recognition;Probability functions}, 
ISSN={0018-9448}, 
month={January},}

@article{monszpart2015rapter,
  title={RAPter: rebuilding man-made scenes with regular arrangements of planes.},
  author={Monszpart, Aron and Mellado, Nicolas and Brostow, Gabriel J and Mitra, Niloy J},
  journal=sigg,
  volume={34},
  number={4},
  pages={103--1},
  year={2015}
}

@article{dick2004modelling,
  title={Modelling and interpretation of architecture from several images},
  author={Dick, Anthony R and Torr, Philip HS and Cipolla, Roberto},
  journal=ijcv,
  volume={60},
  number={2},
  pages={111--134},
  year={2004},
  publisher={Springer}
}

@article{cohen2014efficient,
  title={Efficient structured parsing of facades using dynamic programming},
  author={Cohen, Andrea and Schwing, Alexander G and Pollefeys, Marc},
  journal=cvpr,
  pages={3206--3213},
  year={2014}
}

@article{biedl2016planar,
  title={Planar matchings for weighted straight skeletons},
  author={Biedl, Therese and Huber, Stefan and Palfrader, Peter},
  journal={International Journal of Computational Geometry \& Applications},
  volume={26},
  number={03n04},
  pages={211--229},
  year={2016},
  publisher={World Scientific}
}


@article{laycock2003automatically,
  title={Automatically generating large urban environments based on the footprint data of buildings},
  author={Laycock, Robert G and Day, AM},
  journal={ACM SMA},
  pages={346--351},
  year={2003},
  organization={ACM}
}

@incollection{aichholzer1996novel,
  title={A novel type of skeleton for polygons},
  author={Aichholzer, Oswin and Aurenhammer, Franz and Alberts, David and G{\"a}rtner, Bernd},
  booktitle={The Journal of Universal Computer Science},
  pages={752--761},
  year={1996},
  publisher={Springer}
}

@article{li20112d,
  title={2D-3D fusion for layer decomposition of urban facades},
  author={Li, Yangyan and Zheng, Qian and Sharf, Andrei and Cohen-Or, Daniel and Chen, Baoquan and Mitra, Niloy J},
  journal=iccv,
  pages={882--889},
  year={2011},
  organization={IEEE}
}

@article{zheng2010non,
  title={Non-local scan consolidation for 3D urban scenes},
  author={Zheng, Qian and Sharf, Andrei and Wan, Guowei and Li, Yangyan and Mitra, Niloy J and Cohen-Or, Daniel and Chen, Baoquan},
  journal=sigg,
  volume={29},
  number={4},
  pages={94},
  year={2010}
}

@article{parzen1962estimation,
  title={On estimation of a probability density function and mode},
  author={Parzen, Emanuel},
  journal={The annals of mathematical statistics},
  volume={33},
  number={3},
  pages={1065--1076},
  year={1962},
  publisher={JSTOR}
}

@article{jia2014caffe,
  Author = {Jia, Yangqing and Shelhamer, Evan and Donahue, Jeff and Karayev, Sergey and Long, Jonathan and Girshick, Ross and Guadarrama, Sergio and Darrell, Trevor},
  Journal = {arXiv preprint arXiv:1408.5093},
  Title = {Caffe: Convolutional Architecture for Fast Feature Embedding},
  Year = {2014}
}

@article{brenner2005building,
  title={Building reconstruction from images and laser scanning},
  author={Brenner, Claus},
  journal={International Journal of Applied Earth Observation and Geoinformation},
  volume={6},
  number={3},
  pages={187--198},
  year={2005},
  publisher={Elsevier}
}